<?xml version="1.0" encoding="UTF-8"?><collection xmlns="http://www.loc.gov/MARC21/slim"><record><leader>00384nam--2200121-i-4500</leader><controlfield tag="001">000018951</controlfield><controlfield tag="002">20161230</controlfield><controlfield tag="005">20161230201033</controlfield><controlfield tag="008">060222s1000------------r-----000-0-eng-d</controlfield><datafield ind1=" " ind2=" " tag="080"><subfield code="a">621.039.003</subfield></datafield><datafield ind1=" " ind2=" " tag="245"><subfield code="a">Foratom-kongress 1965.kerkraft in europa-von roohstoff bis zum verbund.29 sept.bis 1.oct. 1965, frankfurt am main</subfield></datafield><datafield ind1=" " ind2=" " tag="260"><subfield code="a">Bonn, Duetsches Atomforum, 1965. 269 P</subfield></datafield><datafield ind1=" " ind2=" " tag="852"><subfield code="a">27153</subfield></datafield></record></collection>